<?xml version="1.0" encoding="UTF-8"?><collection xmlns="http://www.loc.gov/MARC21/slim"><record><leader>00291nam--2200121-i-4500</leader><controlfield tag="001">000019130</controlfield><controlfield tag="002">20161230</controlfield><controlfield tag="005">20161230201033</controlfield><controlfield tag="008">060222s1000------------r-----000-0-eng-d</controlfield><datafield ind1=" " ind2=" " tag="080"><subfield code="a">681.32</subfield></datafield><datafield ind1=" " ind2=" " tag="245"><subfield code="a">Fortrant, 63 / reference manual</subfield></datafield><datafield ind1=" " ind2=" " tag="260"><subfield code="a">/F.L, F.Ed.,F.A./ Viii + /P.Dif.</subfield></datafield><datafield ind1=" " ind2=" " tag="852"><subfield code="a">30930</subfield></datafield></record></collection>